@phdthesis{airMusique,
  author = {Julien Osmalskyj},
  title = {Caractérisation d'un air de musique et reconnaissance avec un son dans une base de données},
  year = {2011},
  school = {Université de Liège}
}

@article{hqms,
  author = {Nauman Ali Khan and Mubashar Mushtaq},
  title = {Hybrid Query by Humming and Metadata Search System (HQMS) Analysis over Diverse Features},
  journal = {{I}nternational {J}ournal of {A}dvanced {C}omputer {S}cience and {A}pplications ({IJACSA})},
  volume = {2},
  number = {9},
  year = {2011},
}

@misc{socle,
  title = {La blockchain, socle de la sécurité de la transformation numérique},
  howpublished = {\url{https://business-analytics-info.fr/10966/blockchain-securite-transformation-numerique/}},
  note = {Consulté le }
}

@misc{carrefour,
  title = {Carrefour rejoint la blockchain IBM Food Trust, chargée d'assurer la traçabilité des produits },
  howpublished = {\url{https://www.usine-digitale.fr/article/carrefour-rejoint-la-plateforme-ibm-food-trust-charge-d-assurer-la-tracabilite-des-produits.N753144}},
  note = {Consulté le }
}

@misc{tourisme,
  title = {Navibration ou comment la blockchain apporte de la valeur dans le secteur du tourisme ?},
  howpublished = {\url{https://siecledigital.fr/2018/10/10/navibration-ou-comment-la-blockchain-apporte-de-la-valeur-dans-le-secteur-du-tourisme/}},
  note = {Consulté le }
}
@misc{jdn,
  title = {Blockchain : définition et application de la techno derrière le bitcoin },
  howpublished = {\url{https://www.journaldunet.com/economie/finance/1195520-blockchain-avril-2019/}},
  note = {Consulté le }
}
@misc{revo,
  title = {Comment la blockchain révolutionne la sécurité informatique},
  howpublished = {\url{https://www.journaldunet.com/solutions/dsi/1196920-comment-la-blockchain-revolutionne-la-securite-informatique/}},
  note = {Consulté le }
}
@misc{blockchainfr,
  title = {Qu’est-ce que la blockchain ?},
  howpublished = {\url{https://blockchainfrance.net/decouvrir-la-blockchain/c-est-quoi-la-blockchain/}},
  note = {Consulté le }
}
@misc{deloitte,
  title = {La sécurité du blockchain, protéger le Grand livre distribué},
  howpublished = {\url{https://www2.deloitte.com/ch/fr/pages/risk/articles/blockchain-security.html}},
  note = {Consulté le }
}
@misc{jo2024,
  title = {Les JO 2024 pourraient être l'occasion de tester en grand la blockchain, selon un rapport},
  howpublished = {\url{https://www.usinenouvelle.com/article/les-jo-2024-occasion-de-tester-en-grand-la-blockchain-selon-un-rapport.N716239}},
  note = {Consulté le }
}

@misc{reg,
  title = {Blockchain, cryptoactifs, ICO : quelle régulation, quels enjeux juridiques ?},
  howpublished = {\url{http://blockchainpartner.fr/panorama-des-enjeux-juridiques-de-la-blockchain/}},
  note = {Consulté le }
}
@misc{pacte,
  title = {Loi pacte : Blockchain et crypto-actifs, une histoire de confiance},
  howpublished = {\url{https://www.village-justice.com/articles/blockchain-les-crypto-actifs-une-histoire-confiance,30426.html}},
  note = {Consulté le }
}
@misc{art26ico,
  title = {L’article 26 sur les ICO adopté en commission « PACTE »},
  howpublished = {\url{https://bitcoin.fr/larticle-26-sur-les-ico-adopte-en-commission-pacte/}},
  note = {Consulté le }
}
@misc{anssi2018,
  title = {Construire ensemble la confiance numerique de demain (Rapport d'activités ANSSI 2018)},
  howpublished = {\url{https://www.ssi.gouv.fr/publication/construire-ensemble-la-confiance-numerique-de-demain}},
  note = {Consulté le }
}
@misc{CNILBlockchain,
  title = {La blockchain, premiers éléments d'analyse de la CNIL},
  howpublished = {\url{https://www.cnil.fr/sites/default/files/atoms/files/la_blockchain.pdf}},
  note = {Consulté le 27/09/19}
}
@misc{CodeMonetaireFinancier,
title = {La blockchain entre dans la loi française},
howpublished = {\url{https://www.agefi.fr/fintech/actualites/quotidien/20171211/blockchain-entre-dans-loi-francaise-234757}},
  note = {Consulté le 28/09/19}
}